<record><leader>00000cas a22000007a 4500</leader><controlfield tag="001">20517651</controlfield><controlfield tag="008">891020d19261973mouwr ne      0    0eng d</controlfield><datafield ind1=" " ind2=" " tag="010"><subfield code="a">sn 89067121 </subfield></datafield><datafield ind1=" " ind2=" " tag="040"><subfield code="a">MQN</subfield><subfield code="b">eng</subfield><subfield code="c">MQN</subfield><subfield code="d">OCLCQ</subfield></datafield><datafield ind1=" " ind2=" " tag="042"><subfield code="a">msc</subfield></datafield><datafield ind1=" " ind2=" " tag="043"><subfield code="a">n-us-mo</subfield></datafield><datafield ind1="0" ind2="4" tag="245"><subfield code="a">The Greentop reporter.</subfield></datafield><datafield ind1=" " ind2=" " tag="260"><subfield code="a">Greentop, Schuyler County, Mo. :</subfield><subfield code="b">R.W. Cavender</subfield></datafield><datafield ind1=" " ind2=" " tag="300"><subfield code="a">v.</subfield></datafield><datafield ind1=" " ind2=" " tag="310"><subfield code="a">Weekly</subfield></datafield><datafield ind1="1" ind2=" " tag="362"><subfield code="a">Began in 1926?</subfield></datafield><datafield ind1="0" ind2=" " tag="362"><subfield code="a">-v. 47, no. 2 (Oct. 25, 1973).</subfield></datafield><datafield ind1=" " ind2=" " tag="515"><subfield code="a">Numbering changed from years to vols. on June 12, 1969.</subfield></datafield><datafield ind1=" " ind2=" " tag="588"><subfield code="a">Description based on: Vol. 11, no. 11 (Dec. 31, 1936).</subfield></datafield><datafield ind1=" " ind2="0" tag="651"><subfield code="a">Greentop (Mo.)</subfield><subfield code="v">Newspapers.</subfield></datafield><datafield ind1=" " ind2=" " tag="752"><subfield code="a">United States</subfield><subfield code="b">Missouri</subfield><subfield code="c">Schuyler</subfield><subfield code="d">Greentop.</subfield></datafield><datafield ind1="0" ind2="4" tag="785"><subfield code="t">Lancaster excelsior (Lancaster, Mo. : 1969)</subfield><subfield code="w">(DLC)sn 89067126</subfield></datafield></record>